@article{PhysRevC.78.044331,
%title = {$g$ factors, spin-parity assignments, and multipole mixing ratios of excited states in $N=82$ isotones $^{134}\mathrm{Te}$, $^{135}\mathrm{I}$},
author = {Goodin, C. and Stone, N. J. and Ramayya, A. V. and Daniel, A. V. and Stone, J. R. and Hamilton, J. H. and Li, K. and Hwang, J. K. and Luo, Y. X. and Rasmussen, J. O. and Gargano, A. and Covello, A. and Ter-Akopian, G. M.},
journal = {Phys. Rev. C},
volume = {78},
issue = {4},
pages = {044331},
numpages = {6},
year = {2008},
month = {Oct},
publisher = {American Physical Society},
doi = {10.1103/PhysRevC.78.044331},
url = {https://link.aps.org/doi/10.1103/PhysRevC.78.044331}
}

@article{RADFORD1995297,
%title = "ESCL8R and LEVIT8R: Software for interactive graphical analysis of HPGe coincidence data sets",
journal = "Nuclear Instruments and Methods in Physics Research Section A",
volume = "361",
number = "1",
pages = "297 - 305",
year = "1995",
issn = "",
doi = "",
url = "",
author = "D.C. Radford"
}

@phdthesis{EnhongPhDThesis,
%title = "Studies of Neutron-rich Nuclei from $^{252}$Cf and $^{238}$U+$^9$Be Fission Fragments",
author = "Enhong Wang",
pages = "17 - 18",
year = "2015",
url = "https://etd.library.vanderbilt.edu//available/etd-03122015-173356/"
}

@article{KIBEDI2008202,
%title = {Evaluation of theoretical conversion coefficients using BrIcc},
journal = {Nuclear Instruments and Methods in Physics Research Section A},
volume = {589},
number = {2},
pages = {202 - 229},
year = {2008},
issn = {},
doi = {},
url = {},
author = {Kib\'edi, T. and Burrows, T. W. and Trzhaskovskaya, M. B. and Davidson, P. M. and Nestor, C. W.},
keywords = {Nuclear structure, Electromagnetic transitions, Internal conversion coefficients, Internal pair production,  electronic factors}
}

@article{osti_15053,
%title = {Production, Distribution, and Applications of Californium-252 Neutron Sources},
author = {Balo, P.A. and Knauer, J.B. and Martin, R.C.},
doi = {},
journal = {Applied Radiation and Isotopes},
number = {4},
volume = {53},
pages = {785 - 792},
place = {United States},
year = {1999},
month = {10}
}

@article{LEE1990c641,
%title = "The GAMMASPHERE",
journal = "Nuclear Physics A",
volume = "520",
pages = "c641 - c655",
year = "1990",
note = "",
issn = "",
doi = "",
url = "",
author = "I-Yang Lee"
}

@article{WAHL19881,
%title = "Nuclear-charge distribution and delayed-neutron yields for thermal-neutron-induced fission of 235U, 233U, and 239Pu and for spontaneous fission of 252Cf",
journal = "Atomic Data and Nuclear Data Tables",
volume = "39",
number = "1",
pages = "1 - 156",
year = "1988",
issn = "",
url = "",
author = "Arthur C. Wahl"
}

@article{PhysRevC.62.041601,
%  title = {New determination of the Ba-Mo yield matrix for ${}^{252}\mathrm{Cf}$},
  author = {Wu, S.C. and Donangelo, R. and Rasmussen, J. O. and Daniel, A. V. and Hwang, J. K. and Ramayya, A. V. and Hamilton, J. H.},
  journal = {Phys. Rev. C},
  volume = {62},
  issue = {4},
  pages = {041601},
  numpages = {4},
  year = {2000},
  month = {8},
  publisher = {American Physical Society},
  doi = {},
  url = {}
}

@inbook{doi:10.1142/9789813229426_0106,
author = { A.H.   Thibeault  and  E. H.   Wang  and  C.J.   Zachary  and  J. H.   Hamilton  and  A.V.   Ramayya  and  B.   Musangu  and  J. O.   Rasmussen  and  Y. X.   Luo  and  G. M.   Ter-Akopian  and  Yu. Ts.   Oganessian  and  S. J.   Zhu },
%title = {New Determination of the Mo-Ba Yield Matrix for <sup>252</sup>Cf},
booktitle = {Fission and Properties of Neutron-Rich Nuclei},
chapter = {},
pages = {619-623},
doi = {10.1142/9789813229426_0106},
URL = {https://www.worldscientific.com/doi/abs/10.1142/9789813229426_0106},
eprint = {https://www.worldscientific.com/doi/pdf/10.1142/9789813229426_0106}
}